<record><leader>00000cas a22000007a 4500</leader><controlfield tag="001">17386545</controlfield><controlfield tag="008">880125d18851908pauwr ne      0    0eng d</controlfield><datafield ind1=" " ind2=" " tag="010"><subfield code="a">sn 88079045 </subfield></datafield><datafield ind1=" " ind2=" " tag="040"><subfield code="a">NPH</subfield><subfield code="b">eng</subfield><subfield code="c">NPH</subfield><subfield code="d">OCLCQ</subfield></datafield><datafield ind1=" " ind2=" " tag="042"><subfield code="a">msc</subfield></datafield><datafield ind1="0" ind2=" " tag="130"><subfield code="a">Monroe news (East Stroudsburg, Pa.)</subfield></datafield><datafield ind1="1" ind2="4" tag="245"><subfield code="a">The Monroe news.</subfield></datafield><datafield ind1=" " ind2=" " tag="260"><subfield code="a">East Stroudsburg, Pa. :</subfield><subfield code="b">H.P. Woodward &amp; A.K. Stone</subfield></datafield><datafield ind1=" " ind2=" " tag="300"><subfield code="a">v. :</subfield><subfield code="b">ill. ;</subfield><subfield code="c">50 cm.</subfield></datafield><datafield ind1=" " ind2=" " tag="310"><subfield code="a">Weekly</subfield></datafield><datafield ind1="1" ind2=" " tag="362"><subfield code="a">Began in Oct. 1885; ceased in 1908?</subfield></datafield><datafield ind1=" " ind2=" " tag="588"><subfield code="a">Description based on: Vol. 8, no. 28 (July 17, 1886).</subfield></datafield><datafield ind1=" " ind2=" " tag="752"><subfield code="a">United States</subfield><subfield code="b">Pennsylvania</subfield><subfield code="c">Monroe</subfield><subfield code="d">East Stroudsburg.</subfield></datafield><datafield ind1="0" ind2="0" tag="780"><subfield code="t">Monroe express (East Stroudsburg, Pa.)</subfield><subfield code="w">(DLC)sn 88079044</subfield></datafield></record>